@PhdThesis{aldenPhD,
  author = 	 {Kieran Alden},
  title = 	 {Simulation and Statistical Techniques to Explore Lymphoid Tissue Organogenesis},
  school = 	 {University of York},
  year = 	 2012,
  note = 	 {\url{http://etheses.whiterose.ac.uk/3220/}}
}

@InProceedings{AldenArg,
  author = 	 {Kieran Alden and Paul S. Andrews and Jon Timmis and Henrique Veiga-Fernandes and Mark C. Coles.},
  title = 	 {Towards Argument-Driven Validation of an in-silico Model of Immune Tissue Organogenesis},
  booktitle = {ICARIS},
  pages = 	 {66--70},
  year = 	 2011,
  volume = 	 6825,
  series = 	 {LNCS},
  publisher = {Springer}}
  
  @article {Alden20141059,
	author = {Alden, Kieran and Andrews, Paul S. and Polack, Fiona A. C. and Veiga-Fernandes, Henrique and Coles, Mark C. and Timmis, Jon},
	title = {Using argument notation to engineer biological simulations with increased confidence},
	volume = {12},
	number = {104},
	year = {2015},
	doi = {10.1098/rsif.2014.1059},
	publisher = {The Royal Society},
	journal = {J. R. Soc. Interface},
	pages = {online}
}

@Article{spartan,
  author = 	 {Kieran Alden and Mark Read and Jon Timmis and Paul S. Andrews and Henrique Veiga-Frenandes and Mark S. Coles},
  title = 	 {Spartan: A Comprehensive Tool for Understanding Uncertainty in Simulations of Biological Systems},
  journal = 	 {PLoS Comp. Bio.},
  year = 	 2013,
  volume = 	 9,
  number = 	 2,
  pages = {e1002916},
  doi = 	{10.1371/journal.pcbi.1002916}
}

@article{spartan-sim,
  author = {Kieran Alden and Mark Read and Paul S Andrews and Jon Timmis
          and Mark Coles},
  title = {{Applying spartan to Understand Parameter Uncertainty in
          Simulations}},
  year = {2014},
  journal = {{The R Journal}},
  doi = {10.32614/RJ-2014-025},
  pages = {63--80},
  volume = {6},
  number = {2}
}

@Article{NACO14background,
  author = 	 {Fiona A. C. Polack},
  title = 	 {Filling gaps in Simulation of Complex systems: the
Background and Motivation for {CoSMoS}},
  journal = 	 {Natural Computing},
  year = 	 2015,
number = 1,
Volume = 14,
pages = {49--62},
doi = {10.1007/s11047-014-9462-5}
}

@ARTICLE{sim-pp,
   AUTHOR={Alden, Kieran  and  Timmis, Jon  and  Andrews, Paul S.  and  Veiga-Fernandes, Henrique  and  Coles, Mark C.},   
     TITLE={Pairing experimentation and computational modelling to understand the role of tissue inducer cells in the development of lymphoid organs}, 
    JOURNAL={Frontiers in Immunology},  
    VOLUME={3},      
    YEAR={2012},      
    NUMBER={172},     
    doi ={10.3389/fimmu.2012.00172},
    pages = {online}
}

@article{mde-tut,
  title = "A tutorial on metamodelling for grammar researchers",
  author    = "Richard F. Paige and others",
  year      = "2014",
  volume    = "96",
  pages     = "396--419",
  journal   = "Science of Computer Programming",
  number    = "4",
publisher = "Elsevier",
  doi = "10.1016/j.scico.2014.05.007"
}  

@book{cosmosBook,
author = {Susan Stepney and Fiona A.C. Polack},
title = {Engineering Simulations as Scientific Instruments: A Pattern Language},
Publisher = {springer},
year = 2018
}

@article{workshop,
author = {Fiona A. C. Polack and Steffen Zschaler},
title = {Report on Workshop: Planning the Future of Agent Simulation},
journal = "Artificial Life",
year = 2020,
annotate = {accepted and to appear}
}

@Article{williamsEAE,
  author = 	 {Richard A. Williams and Richard Greaves and Mark Read and Jon Timmis and Paul S. Andrews and Vipin Kumar},
  title = 	 {In silico investigation into dendritic cell regulation of {CD8Treg} mediated killing of {Th1} cells in murine experimental autoimmune encephalomyelitis},
  journal = 	 {BMC Bioinformatics},
  year = 	 2013,
  volume = 	 14,
  pages = 	 {S6--S9},
  doi = {10.1186/1471-2105-14-S6-S9}
  }

@PhdThesis{moyoPhD,
  author = 	 {Moyo, Daniel},
  year = {2014},
  title = {Investigating The Dynamics of Hepatic Inflammation Through Simulation},
  School = {University of York},
 url = {http://etheses.whiterose.ac.uk/6967/}
  }

@PhdThesis{readPhD,
  author = 	 {Mark N. Read},
  title = 	 {Statistical and Modelling Techniques to Build
                  Confidence in the Investigation of Immunology
                  through Agent-Based Simulation},
  school = 	 {University of York},
  year = 	 2011
  }
  
  @InProceedings{polackCEC,
  author =	 {Fiona A. C. Polack and Paul S. Andrews and Adam T. Sampson},
  title =	 {The engineering of concurrent simulations of complex
                  systems},
  booktitle =	 {CEC},
  pages =	 {217--224},
  year =	 2009,
  publisher =	 {IEEE Press}
}

@inproceedings{iceccs-phil,
  author =	 {Fiona A. C. Polack and Paul S. Andrews and Theodor Ghetiu and
                  Mark Read and Susan Stepney and Jon Timmis and
                  Adam T. Sampson},
  title =	 {Reflections on the Simulation of Complex Systems for
                  Science},
  booktitle =	 {ICECCS},
  publisher =	 {IEEE Press},
  year =	 2010,
  pages =	 {276--285}
}

@Article{ReadSen,
  author =	 {Mark Read and Paul S. Andrews and Jon Timmis and Vipin Kumar},
  title =	 {Techniques for Grounding Agent-Based Simulations in the Real Domain: a case study in Experimental Autoimmune Encephalomyelitis},
  journal =	 {Mathematical and Computer Modelling of Dynamical
                  Systems},
  volume = 18,
  number = 1,
  pages = {67--86},
  year =	 2012
}

@article{ODD-2020,
    title = {The {ODD} protocol for describing agent-based and other simulation models: A second update to improve clarity, replication, and structural realism},
    author = {Volker Grimm and Steven F. Railsback and Christian E. Vincenot and Uta Berger and Cara Gallagher and Donald L DeAngelis and Bruce Edmonds and Jiaqi Ge and Jarl Giske and J\"urgen Groeneveld and Alice S. A. Johnston and Alexander Milles and Jacob Nabe-Nielsen and J. Gareth Polhill and Viktoriia Radchuk and Marie-Sophie Rohw\"ader and Richard A. Stillman and Jan C. Thiele and Daniel Ayll\'on},
    journal = {Journal of Artificial Societies and Social Simulation},
    volume = 23,
    number = 2, 
    pages = {1 -- 7},
    year = 2020
}

@article{ODD2006,
  title =	 {A standard protocol for describing individual-based and agent-based models},
  author = {Volker Grimm and Uta Berger and Finn Bastiansen and Sigrunn Eliassen and Vincent Ginot and Jarl Giske and John Goss-Custard and Tamara Grand and Simone K. Heinz and Geir Huse and Andreas Huth and Jane U. Jepsen and Christian Jørgensen and Wolf M. Mooij and Birgit Müller and Guy Pe’er and Cyril Piou and Steven F. Railsback and Andrew M. Robbins and Martha M. Robbins and Eva Rossmanith and Nadja Rüger and Espen Strand and Sami Souissi and Richard A. Stillman and Rune Vabø and Ute Visser and Donald L. De Angelis},
     doi =		 {10.1016/j.ecolmodel.2006.04.023},
    journal =	 {Ecological Modelling},
 number =	 {1--2},
  pages =	 {115--126},
  volume =	 198,
  year =	 2006
}

 @InProceedings{unc-sap,
    author = {Anne-Laure Jousselme and  Patrick Maupin and \'Eloi Boss\'e}, title = {Uncertainty in a situation analysis perspective},
    booktitle = "6th International Conference of Information Fusion",
    year = 2003, 
    pages = {1207 -- 1214},
    publisher = {IEEE},
    doi = {https://doi.org/10.1109/ICIF.2003.177375}
}



@article{unc-bayes,
  title={Uncertainty analysis in software reliability modeling by bayesian analysis with maximum-entropy principle},
  author={Dai, Yuan-Shun and Xie, Min and Long, Quan and Ng, Szu-Hui},
  journal={Transactions on Software Engineering},
  volume={33},
  number={11},
  pages={781--795},
  year={2007},
  publisher={IEEE}
}


@article{unc-ober,
  title={Error and uncertainty in modeling and simulation},
  author={Oberkampf, William L and DeLand, Sharon M and Rutherford, Brian M and Diegert, Kathleen V and Alvin, Kenneth F},
  journal={Reliability Engineering \& System Safety},
  volume={75},
  number={3},
  pages={333--357},
  year={2002},
  publisher={Elsevier}
}

@article{unc-PATELLI,
    title = {General purpose software for efficient uncertainty management of large finite element models},
     author ={Edoardo Patelli and H. Murat Panayirci and Matteo Broggi and Barbara Goller and Pierre Beaurepaire and Helmut J. Pradlwarter and Gerhart I. Sch\"uller},
     doi = {https://doi.org/10.1016/j.finel.2011.11.003},

    journal = "Finite Elements in Analysis and Design",
    volume = "51",
    pages = "31--48",
    year = "2012"
}


@article{unc-ZHEHAN,
  title={Research on uncertainty in measurement assisted alignment in aircraft assembly},
  author={Zhehan, Chen and Fuzhou, Du and Xiaoqing, Tang},
  journal={Chinese Journal of Aeronautics},
  volume={26},
  number={6},
  pages={1568--1576},
  year={2013},
  publisher={Elsevier}
}
           
@techreport{tech-RFP,
author = {M. Zhang and B. Selic and S. Ali and T. Yue and O. Okariz and R. Norgren},
number = {2015-3},
institution = {Simula Research Laboratory}, 
year = 2016
}title = {Understanding Uncertainty in Cyber-Physical Systems: A
Conceptual Model}

@inproceedings{unc-RFP,
  title={Understanding uncertainty in cyber-physical systems: a conceptual model},
  author={Zhang, Man and Selic, Bran and Ali, Shaukat and Yue, Tao and Okariz, Oscar and Norgren, Roland},
  booktitle={European conference on modelling foundations and applications},
  pages={247--264},
  year={2016},
  publisher={Springer}
}
 
 @incollection{unc-schunn,
author = {Schunn, Christian D.},
year = {2010},
pages = {227 -- 252},
title = {From Uncertainly Exact to Certainly Vague: Epistemic Uncertainty and Approximation in Science and Engineering Problem Solving},
volume = {53},
booktitle = {Psychology of Learning and Motivation},
doi = {10.1016/S0079-7421(10)53006-8},
publisher ={Academic Press}
} 


@article{unc-SCHAFFER,
  title={Estimating the model-specific uncertainty of aircraft noise calculations},
  author={Sch{\"a}ffer, Beat and Pl{\"u}ss, Stefan and Thomann, Georg},
  journal={Applied Acoustics},
  volume={84},
  pages={58--72},
  year={2014},
  publisher={Elsevier}
}

@phdthesis{unc-Park,
  title={Integrated uncertainty techniques in aircraft derivative design optimization},
  author={Park, Hyeong-Uk},
  year={2014},
  school={Ryerson University, Canada}
}


@inproceedings{unc-ced,
author = {Padulo, M. and Guenov, Marin D.},
year = {2012},
pages = {7509 -- 7528},
title = {A methodological perspective on Computational Engineering Design under uncertainty},
booktitle = {European Congress on Computational Methods in Applied Sciences and Engineering},
publisher = {T.U. Wien},
url = {https://eccomas2012.conf.tuwien.ac.at/}
}

@incollection{Esfahani2013,
  title={Uncertainty in self-adaptive software systems},
  author={Esfahani, Naeem and Malek, Sam},
  booktitle={Software Engineering for Self-Adaptive Systems II},
  pages={214--238},
  year={2013},
  publisher={Springer}
}

@Article{FAIR2016,
author={Wilkinson, Mark D.
and Dumontier, Michel
and Aalbersberg, IJsbrand Jan
and Appleton, Gabrielle
and Axton, Myles
and Baak, Arie
and Blomberg, Niklas
and Boiten, Jan-Willem
and da Silva Santos, Luiz Bonino
and Bourne, Philip E.
and Bouwman, Jildau
and Brookes, Anthony J.
and Clark, Tim
and Crosas, Merc{\`e}
and Dillo, Ingrid
and Dumon, Olivier
and Edmunds, Scott
and Evelo, Chris T.
and Finkers, Richard
and Gonzalez-Beltran, Alejandra
and Gray, Alasdair J. G.
and Groth, Paul
and Goble, Carole
and Grethe, Jeffrey S.
and Heringa, Jaap
and 't Hoen, Peter A. C.
and Hooft, Rob
and Kuhn, Tobias
and Kok, Ruben
and Kok, Joost
and Lusher, Scott J.
and Martone, Maryann E.
and Mons, Albert
and Packer, Abel L.
and Persson, Bengt
and Rocca-Serra, Philippe
and Roos, Marco
and van Schaik, Rene
and Sansone, Susanna-Assunta
and Schultes, Erik
and Sengstag, Thierry
and Slater, Ted
and Strawn, George
and Swertz, Morris A.
and Thompson, Mark
and van der Lei, Johan
and van Mulligen, Erik
and Velterop, Jan
and Waagmeester, Andra
and Wittenburg, Peter
and Wolstencroft, Katherine
and Zhao, Jun
and Mons, Barend},
title={The {FAIR} Guiding Principles for scientific data management and stewardship},
journal={Scientific Data},
year={2016},
volume={3},
number={1},
pages={160018},

doi={10.1038/sdata.2016.18},
}

@inProceedings{cosmos-odd,
    author = {Susan Stepney},
    title = {CoSMoS simulation experiment reproducibility and the ODD protocol},
    booktitle = {CoSMoS workshop},
    year = 2013, 
    pages = {93 -- 107},
    publisher ={Luniver Press}
}


@book{knight2012risk,
  title={Risk, uncertainty and profit},
  author={Knight, Frank H},
  year={2012},
  publisher={Courier Corporation}
}

@article{physEnvy,
author = {Andrew W. Lo and Mark T. Mueller},
title ={Warning: Physics Envy May be Hazardous to Your Wealth!},
journal = {Journal of Investment Management},
volume = 8,
number = 2,
year = 2010,
pages = {13--63},
doi = {http://dx.doi.org/10.2139/ssrn.1563882}
}

@article{kennedyBayes,
  title={Bayesian calibration of computer models},
  author={Kennedy, Marc C. and O'Hagan, Anthony},
  journal={Journal of the Royal Statistical Society: Series B (Statistical Methodology)},
  volume={63},
  number={3},
  pages={425--464},
  year={2001},
  publisher={Wiley Online Library}
}

@article{kelly2004systematic,
  title={A systematic approach to safety case management},
  author={Kelly, Tim},
  journal={SAE transactions},
  pages={257--266},
  volume = 113,
  year={2004},
  publisher={JSTOR}
}


@techreport{GSNStandard,
type = {Standard},
key = {SCSC-141B},
year = {2018},
title = {{GSN} Community Standard. Version 2},
url = {http://scsc.uk/SCSC-141B},
institution = {SCSC Assurance Case Working Group}
}

@inproceedings{andrews2008simulating,
  title={Simulating biology: towards understanding what the simulation shows},
  author={Andrews, Paul S and Polack, Fiona and Sampson, Adam T and Timmis, Jon and Scott, Lisa and Coles, Mark},
  booktitle={Workshop on Complex Systems Modelling and Simulation},
  pages={93--123},
  year={2008},
  publisher = {Luniver press}
}

@inproceedings{LevesonReuse,
author = {Leveson, Nancy G. and Weiss, Kathryn A.},
title = {Making Embedded Software Reuse Practical and Safe},
year = {2004},
publisher = {Association for Computing Machinery},
doi = {10.1145/1029894.1029897},
booktitle = {12th {ACM} International Symposium on Foundations of Software Engineering},
pages = {171 -- 178}
}

 @article{garnett2010computer,
  title={Computer simulation: the imaginary friend of auxin transport biology},
  author={Garnett, Philip and Steinacher, Arno and Stepney, Susan and Clayton, Richard and Leyser, Ottoline},
  journal={Bioessays},
  volume={32},
  number={9},
  pages={828--835},
  year={2010},
  publisher={Wiley Online Library},
  doi ={https://doi.org/10.1002/bies.200900185}
} 

@article{read-stats,
author = { Mark   Read  and  Paul S.   Andrews  and  Jon   Timmis  and  Vipin   Kumar },
title = {Techniques for grounding agent-based simulations in the real domain: a case study in experimental autoimmune encephalomyelitis},
journal = {Mathematical and Computer Modelling of Dynamical Systems},
volume = {18},
number = {1},
pages = {67 -- 86},
year  = {2012},
publisher = {Taylor & Francis},
doi = {10.1080/13873954.2011.601419}
}


@inproceedings{polackMOTPW,
  title={Choosing and adapting design notations in the principled development of complex systems simulations for research},
  author={Polack, Fiona A. C. },
  booktitle={Modelling of the Physical World Workshop},
  pages={1--6},
  year={2012},
 publisher = {ACM Digitial Library},
 doi = {10.1145/2491617.2491623}
 }
 
 @article{aspasia,
    title = {{ASPASIA}: A toolkit for evaluating the effects of biological interventions on {SBML} model behaviour},
    author = {Stephanie Evans and Kieran Alden and Lourdes Cucurull-Sanchez and Christopher Larminie and Mark C. Coles and Marika C. Kullberg and Jon Timmis},
    journal = {PLoS Computational Biology}, 
    volume =  13,
    number = 2,
    pages = {e1005351}, 
    doi = {10.1371/journal.pcbi.1005351},
    year = 2017
}